<?xml version="1.0" encoding="utf-8"?>
<record xmlns="http://www.loc.gov/MARC21/slim" xmlns:xsi="http://www.w3.org/2001/XMLSchema-instance" xsi:schemaLocation="http://www.loc.gov/MARC21/slim http://www.loc.gov/standards/marcxml/schema/MARC21slim.xsd">
	<leader>02494nam a2200349   4500</leader>
	<controlfield tag="001">3122405</controlfield>
	<controlfield tag="003">NNC</controlfield>
	<controlfield tag="006">m        d        </controlfield>
	<controlfield tag="007">cr cn |||m|||a</controlfield>
	<controlfield tag="008">160301m19231930ua      o     000 0 ara d</controlfield>
	<datafield ind1=" " ind2=" " tag="040">
		<subfield code="a">NNU</subfield>
		<subfield code="b">eng</subfield>
		<subfield code="e">rda</subfield>
		<subfield code="c">NNU</subfield>
	</datafield>
	<datafield ind1="1" ind2=" " tag="100">
		<subfield code="a">Ibn Qudāmah, Muwaffaq al-Dīn ʻAbd Allāh ibn Aḥmad,</subfield>
		<subfield code="d">1147-1223.</subfield>
	</datafield>
	<datafield ind1="1" ind2="3" tag="245">
		<subfield code="6">880-01</subfield>
		<subfield code="a">al-Mughnī,</subfield>
		<subfield code="c">taʼlīf ... Abū Muḥammad ʻAbd Allāh ibn Aḥmad ibn Muḥammad ibn Qudāmah ... ʻalā Mukhtaṣar ... ʻUmar ibn al-Ḥusayn ... al-Khiraqī ...</subfield>
	</datafield>
	<datafield ind1=" " ind2=" " tag="260">
		<subfield code="a">Cairo,</subfield>
		<subfield code="c">1341-48 A.H. [1923-1930]</subfield>
	</datafield>
	<datafield ind1=" " ind2=" " tag="300">
		<subfield code="a">online resource (12 volumes)</subfield>
	</datafield>
	<datafield ind1=" " ind2=" " tag="336">
		<subfield code="a">text</subfield>
		<subfield code="2">rdacontent</subfield>
	</datafield>
	<datafield ind1=" " ind2=" " tag="337">
		<subfield code="a">computer</subfield>
		<subfield code="2">rdamedia</subfield>
	</datafield>
	<datafield ind1=" " ind2=" " tag="338">
		<subfield code="a">online resource</subfield>
		<subfield code="2">rdacarrier</subfield>
	</datafield>
	<datafield ind1=" " ind2=" " tag="500">
		<subfield code="a">Title-page in v.1 follows prelim. sect. with special t.p.: Tarjamāt ṣāḥib al-Mughnī ...</subfield>
	</datafield>
	<datafield ind1=" " ind2=" " tag="500">
		<subfield code="a">Part of the Arabic Collections Online (ACO) project, contributed by Columbia University Libraries.</subfield>
	</datafield>
	<datafield ind1=" " ind2=" " tag="533">
		<subfield code="a">Electronic reproduction.</subfield>
		<subfield code="b">New York, N.Y. :</subfield>
		<subfield code="c">New York University,</subfield>
		<subfield code="d">2016.</subfield>
		<subfield code="5">NNU</subfield>
	</datafield>
	<datafield ind1=" " ind2="0" tag="650">
		<subfield code="a">Islamic law.</subfield>
	</datafield>
	<datafield ind1=" " ind2="7" tag="650">
		<subfield code="a">Islamic law.</subfield>
		<subfield code="2">fast</subfield>
		<subfield code="0">(OCoLC)fst00979949</subfield>
	</datafield>
	<datafield ind1="1" ind2=" " tag="700">
		<subfield code="a">Khiraqī, ʻUmar ibn al-Ḥusayn,</subfield>
		<subfield code="d">-945 or 946.</subfield>
	</datafield>
	<datafield ind1="2" ind2=" " tag="710">
		<subfield code="a">Columbia University.</subfield>
		<subfield code="b">Libraries.</subfield>
	</datafield>
	<datafield ind1="0" ind2=" " tag="730">
		<subfield code="a">Arabic Collections Online.</subfield>
	</datafield>
	<datafield ind1="0" ind2=" " tag="740">
		<subfield code="a">Tarjamāt ṣāḥib al-Mughnī ...</subfield>
	</datafield>
	<datafield ind1="0" ind2="8" tag="776">
		<subfield code="i">Print version:</subfield>
		<subfield code="a">Ibn Qudāmah, Muwaffaq al-Dīn ʻAbd Allāh ibn Aḥmad, 1147-1223.</subfield>
		<subfield code="t">al-Mughnī</subfield>
		<subfield code="w">(NNC)3122405</subfield>
		<subfield code="w">(OCoLC)48210376</subfield>
	</datafield>
	<datafield ind1="4" ind2="0" tag="856">
		<subfield code="u">http://hdl.handle.net/2333.1/n5tb2vqf</subfield>
	</datafield>
	<datafield ind1="1" ind2="3" tag="880">
		<subfield code="6">245-01/r</subfield>
		<subfield code="a">‏المغني /‏</subfield>
		<subfield code="c">‏تأليف أبي محمد عبد الله بن أحمد بن محمد بن قدامة ؛ على مختصر أبي القاسم عمر بن الحسين بن عبد الله بن أحمد الخرقي. ويليه الشرح الكبير على متن المقنع / تأليف شمس الدين أبي الفرج عبد الرحمن بن أبي عمر محمد بن أحمد بن قدامة المقدسي، كلاهما على مذهب أبي عبد الله أحمد بن محمد بن حنبل الشيباني.</subfield>
	</datafield>
	<datafield ind1=" " ind2=" " tag="959">
		<subfield code="a">NNU</subfield>
		<subfield code="b">WEB</subfield>
		<subfield code="c">GENI</subfield>
		<subfield code="t">0</subfield>
		<subfield code="m">Electronic access</subfield>
		<subfield code="s">01</subfield>
	</datafield>
	<datafield ind1=" " ind2=" " tag="999">
		<subfield code="i">NNC_3122405</subfield>
		<subfield code="o">(OCoLC)ocm48210376 </subfield>
		<subfield code="s">columbia_aco001726:v.1</subfield>
		<subfield code="s">columbia_aco001727:v.2</subfield>
		<subfield code="s">columbia_aco001728:v.3</subfield>
		<subfield code="s">columbia_aco001729:v.4</subfield>
		<subfield code="s">columbia_aco001730:v.5</subfield>
		<subfield code="s">columbia_aco001731:v.6</subfield>
		<subfield code="s">columbia_aco001732:v.7</subfield>
		<subfield code="s">columbia_aco001733:v.8</subfield>
		<subfield code="s">columbia_aco001734:v.9</subfield>
		<subfield code="s">columbia_aco001735:v.10</subfield>
		<subfield code="s">columbia_aco001736:v.11</subfield>
		<subfield code="s">columbia_aco001737:v.12</subfield>
		<subfield code="e">(ERROR-880)</subfield>
	</datafield>
</record>
